<bibtex>


@article{dwork2013algorithmic,
	title={The algorithmic foundations of differential privacy},
	author={Dwork, Cynthia and Roth, Aaron},
	journal={Theoretical Computer Science},
	volume={9},
	number={3-4},
	pages={211--407},
	year={2013}
}
@INPROCEEDINGS{Dwork06differentialprivacy,
	author = {Cynthia Dwork},
	title = {Differential privacy},
	booktitle = {in ICALP},
	year = {2006},
	pages = {1--12},
	publisher = {Springer}
}
@article{barth2012re,
	title={The're-identification'of Governor William Weld's medical information: a critical re-examination of health data identification risks and privacy protections, then and now},
	author={Barth-Jones, Daniel C},
	journal={Then and Now (June 4, 2012)},
	year={2012}
}
@inproceedings{narayanan2008robust,
	title={Robust de-anonymization of large sparse datasets},
	author={Narayanan, Arvind and Shmatikov, Vitaly},
	booktitle={Security and Privacy, 2008. SP 2008. IEEE Symposium on},
	pages={111--125},
	year={2008},
	organization={IEEE}
}
@INPROCEEDINGS{mcsherry2007, 
	author={McSherry, F. and Talwar, K.}, 
	booktitle={Foundations of Computer Science, 2007. FOCS '07. 48th Annual IEEE Symposium on}, 
	title={Mechanism Design via Differential Privacy}, 
	year={2007}, 
	month={Oct}, 
	pages={94-103}, 
	doi={10.1109/FOCS.2007.66}, 
	ISSN={0272-5428},}
@article{sweeney2002k,
	title={k-anonymity: A model for protecting privacy},
	author={Sweeney, Latanya},
	journal={International Journal of Uncertainty, Fuzziness and Knowledge-Based Systems},
	volume={10},
	number={05},
	pages={557--570},
	year={2002},
	publisher={World Scientific}
}
@article{machanavajjhala2007diversity,
	title={l-diversity: Privacy beyond k-anonymity},
	author={Machanavajjhala, Ashwin and Kifer, Daniel and Gehrke, Johannes and Venkitasubramaniam, Muthuramakrishnan},
	journal={ACM Transactions on Knowledge Discovery from Data (TKDD)},
	volume={1},
	number={1},
	pages={3},
	year={2007},
	publisher={ACM}
}
@inproceedings{ganta2008composition,
	title={Composition attacks and auxiliary information in data privacy},
	author={Ganta, Srivatsava Ranjit and Kasiviswanathan, Shiva Prasad and Smith, Adam},
	booktitle={Proceedings of the 14th ACM SIGKDD international conference on Knowledge discovery and data mining},
	pages={265--273},
	year={2008},
	organization={ACM}
}
@article{narayanan2006netflix,
	author    = {Arvind Narayanan and
	Vitaly Shmatikov},
	title     = {How To Break Anonymity of the Netflix Prize Dataset},
	journal   = {CoRR},
	volume    = {abs/cs/0610105},
	year      = {2006},
	url       = {http://arxiv.org/abs/cs/0610105},
	timestamp = {Wed, 03 Oct 4441849 22:30:56 +},
	biburl    = {http://dblp.uni-trier.de/rec/bib/journals/corr/abs-cs-0610105},
	bibsource = {dblp computer science bibliography, http://dblp.org}
}
@ONLINE{vijay2014online,
	author = {Pandurangan, Vijay},
	title = {On Taxis and Rainbows: Lessons from NYCâ€™s improperly anonymized taxi logs},
	month = jun,
	year = {2014},
	url = {https://medium.com/@vijayp/of-taxis-and-rainbows-f6bc289679a1},
	note = {Visited: 2016-03-06}
}
@ONLINE{tockar2014online,
	author = {Tockar, Anthony},
	title = {Riding with the Stars: Passenger Privacy in the NYC Taxicab Dataset},
	month = sep,
	year = {2014},
	url = {http://research.neustar.biz/2014/09/15/riding-with-the-stars-passenger-privacy-in-the-nyc-taxicab-dataset/},
	note = {Visited:2016-03-06}
}


</bibtex>